<?xml version="1.0" encoding="UTF-8"?><collection xmlns="http://www.loc.gov/MARC21/slim"><record><leader>00388nam--2200133-i-4500</leader><controlfield tag="001">000044880</controlfield><controlfield tag="002">20161230</controlfield><controlfield tag="005">20161230201044</controlfield><controlfield tag="008">060222s1000------------r-----000-0-eng-d</controlfield><datafield ind1=" " ind2=" " tag="080"><subfield code="a">51(061.3):513(061.3):517(061.3)</subfield></datafield><datafield ind1=" " ind2=" " tag="100"><subfield code="a">Titeica, Gheorghe Si Pompeiu, Dimitrie</subfield></datafield><datafield ind1=" " ind2=" " tag="245"><subfield code="a">Simpozionul de geometrie si analiza globala</subfield></datafield><datafield ind1=" " ind2=" " tag="260"><subfield code="a">Bucuresti, Ed.Acad.R.S.R., 1976, 294p</subfield></datafield><datafield ind1=" " ind2=" " tag="852"><subfield code="a">43559</subfield></datafield></record></collection>